@Book{knuth:84,
  author = 	 {Donald E. Knuth},
  title = 	 {The {\TeX} Book},
  publisher = 	 {Addison-Wesley},
  year = 	 {1984},
  edition = 	 {15th}
}

@InCollection{boulic:91,
  author = 	 {R. Boulic and O. Renault},
  title = 	 {3D Hierarchies for Animation},
  booktitle = 	 {New Trends in Animation and Visualization},
  publisher =    {John Wiley {\&} Sons ltd.},
  year = 	 {1991},
  editor = 	 {Nadia Magnenat-Thalmann and Daniel Thalmann}
}


@article{lewis2004rcv1,
  title={Rcv1: A new benchmark collection for text categorization research},
  author={Lewis, David D and Yang, Yiming and Rose, Tony G and Li, Fan},
  journal={Journal of machine learning research},
  volume={5},
  number={Apr},
  pages={361--397},
  year={2004}
}


@book{chan2016guide,
  title={Guide to the Library of Congress classification},
  author={Chan, Lois Mai and Intner, Sheila S and Weihs, Jean},
  year={2016},
  publisher={ABC-CLIO}
}


@article{7156008, 
author={U. Gadiraju and G. Demartini and R. Kawase and S. Dietze}, 
journal={IEEE Intelligent Systems}, 
title={Human Beyond the Machine: Challenges and Opportunities of Microtask Crowdsourcing}, 
year={2015}, 
volume={30}, 
number={4}, 
pages={81-85}, 
keywords={business data processing;Internet;outsourcing;microtask crowdsourcing system;automated system;artificial intelligence;data-intensive task;human intelligence;Internet;Crowdsourcing;Pricing;Human factors;Context;Intelligent systems;Taxonomy;crowdsourcing;microtask;MTurk;data centric task;collective intelligence;worker behavior;data science}, 
doi={10.1109/MIS.2015.66}, 
ISSN={1541-1672}, 
month={July},}

@article{feltovich2003nonparametric,
  title={Nonparametric tests of differences in medians: comparison of the Wilcoxon--Mann--Whitney and robust rank-order tests},
  author={Feltovich, Nick},
  journal={Experimental Economics},
  volume={6},
  number={3},
  pages={273--297},
  year={2003},
  publisher={Springer}
}



@inproceedings{Gadiraju:2017,
 author = {Gadiraju, Ujwal and Yang, Jie and Bozzon, Alessandro},
 title = {Clarity is a Worthwhile Quality: On the Role of Task Clarity in Microtask Crowdsourcing},
 booktitle = {Proceedings of the 28th ACM Conference on Hypertext and Social Media},
 series = {HT '17},
 year = {2017},
 isbn = {978-1-4503-4708-2},
 location = {Prague, Czech Republic},
 pages = {5--14},
 numpages = {10},
 url = {http://doi.acm.org/10.1145/3078714.3078715},
 doi = {10.1145/3078714.3078715},
 acmid = {3078715},
 publisher = {ACM},
 address = {New York, NY, USA},
 keywords = {crowd workers, crowdsourcing, goal clarity, microtasks, performance, prediction, role clarity, task clarity},
} 

@inproceedings{Shah:2010,
 author = {Shah, Chirag and Pomerantz, Jefferey},
 title = {Evaluating and Predicting Answer Quality in Community QA},
 booktitle = {Proceedings of the 33rd International ACM SIGIR Conference on Research and Development in Information Retrieval},
 series = {SIGIR '10},
 year = {2010},
 isbn = {978-1-4503-0153-4},
 location = {Geneva, Switzerland},
 pages = {411--418},
 numpages = {8},
 url = {http://doi.acm.org/10.1145/1835449.1835518},
 doi = {10.1145/1835449.1835518},
 acmid = {1835518},
 publisher = {ACM},
 address = {New York, NY, USA},
 keywords = {answer quality evaluation and prediction, community question answering},
} 


@article{mitchell1996dewey,
  title={Dewey Decimal Classification},
  author={Mitchell, Joan S and Beall, J and Matthews, WE and New, GR},
  journal={Encyclopedia of Library and Information Science},
  year={1996},
  publisher={Citeseer}
}


@inproceedings{Andrzejewski:2009,
 author = {Andrzejewski, David and Zhu, Xiaojin and Craven, Mark},
 title = {Incorporating Domain Knowledge into Topic Modeling via Dirichlet Forest Priors},
 booktitle = {Proceedings of the 26th Annual International Conference on Machine Learning},
 series = {ICML '09},
 year = {2009},
 isbn = {978-1-60558-516-1},
 location = {Montreal, Quebec, Canada},
 pages = {25--32},
 numpages = {8},
 url = {http://doi.acm.org/10.1145/1553374.1553378},
 doi = {10.1145/1553374.1553378},
 acmid = {1553378},
 publisher = {ACM},
 address = {New York, NY, USA},
} 


@inproceedings{hoffart2011robust,
  title={Robust disambiguation of named entities in text},
  author={Hoffart, Johannes and Yosef, Mohamed Amir and Bordino, Ilaria and F{\"u}rstenau, Hagen and Pinkal, Manfred and Spaniol, Marc and Taneva, Bilyana and Thater, Stefan and Weikum, Gerhard},
  booktitle={Proceedings of the Conference on Empirical Methods in Natural Language Processing},
  pages={782--792},
  year={2011},
  organization={Association for Computational Linguistics}
}



@inproceedings{leidner2003grounding,
  title={Grounding spatial named entities for information extraction and question answering},
  author={Leidner, Jochen L and Sinclair, Gail and Webber, Bonnie},
  booktitle={Proceedings of the HLT-NAACL 2003 workshop on Analysis of geographic references-Volume 1},
  pages={31--38},
  year={2003},
  organization={Association for Computational Linguistics}
}


@inproceedings{Ratinov:2011,
 author = {Ratinov, Lev and Roth, Dan and Downey, Doug and Anderson, Mike},
 title = {Local and Global Algorithms for Disambiguation to Wikipedia},
 booktitle = {Proceedings of the 49th Annual Meeting of the Association for Computational Linguistics: Human Language Technologies - Volume 1},
 series = {HLT '11},
 year = {2011},
 isbn = {978-1-932432-87-9},
 location = {Portland, Oregon},
 pages = {1375--1384},
 numpages = {10},
 url = {http://dl.acm.org/citation.cfm?id=2002472.2002642},
 acmid = {2002642},
 publisher = {Association for Computational Linguistics},
 address = {Stroudsburg, PA, USA},
} 

@inproceedings{Ratinov:2009,
 author = {Ratinov, Lev and Roth, Dan},
 title = {Design Challenges and Misconceptions in Named Entity Recognition},
 booktitle = {Proceedings of the Thirteenth Conference on Computational Natural Language Learning},
 series = {CoNLL '09},
 year = {2009},
 isbn = {978-1-932432-29-9},
 location = {Boulder, Colorado},
 pages = {147--155},
 numpages = {9},
 url = {http://dl.acm.org/citation.cfm?id=1596374.1596399},
 acmid = {1596399},
 publisher = {Association for Computational Linguistics},
 address = {Stroudsburg, PA, USA},
} 

@inproceedings{slattery1998combining,
  title={Combining statistical and relational methods for learning in hypertext domains},
  author={Slattery, Se{\'a}n and Craven, Mark},
  booktitle={International Conference on Inductive Logic Programming},
  pages={38--52},
  year={1998},
  organization={Springer}
}


@inproceedings{joachims1998text,
  title={Text categorization with support vector machines: Learning with many relevant features},
  author={Joachims, Thorsten},
  booktitle={European conference on machine learning},
  pages={137--142},
  year={1998},
  organization={Springer}
}

@book{Rijsbergen:1979,
 author = {Rijsbergen, C. J. Van},
 title = {Information Retrieval},
 year = {1979},
 isbn = {0408709294},
 edition = {2nd},
 publisher = {Butterworth-Heinemann},
 address = {Newton, MA, USA},
} 

@inproceedings{mccallum1998comparison,
  title={A comparison of event models for naive bayes text classification},
  author={McCallum, Andrew and Nigam, Kamal and others},
  booktitle={AAAI-98 workshop on learning for text categorization},
  volume={752},
  number={1},
  pages={41--48},
  year={1998},
  organization={Citeseer}
}


@article{hovy2013collaboratively,
  title={Collaboratively built semi-structured content and Artificial Intelligence: The story so far},
  author={Hovy, Eduard and Navigli, Roberto and Ponzetto, Simone Paolo},
  journal={Artificial Intelligence},
  volume={194},
  pages={2--27},
  year={2013},
  publisher={Elsevier Science Publishers Ltd.}
}


@article{domingos2012few,
  title={A few useful things to know about machine learning},
  author={Domingos, Pedro},
  journal={Communications of the ACM},
  volume={55},
  number={10},
  pages={78--87},
  year={2012},
  publisher={ACM}
}


@article{nadeau2007survey,
  title={A survey of named entity recognition and classification},
  author={Nadeau, David and Sekine, Satoshi},
  journal={Lingvisticae Investigationes},
  volume={30},
  number={1},
  pages={3--26},
  year={2007},
  publisher={John Benjamins publishing company}
}


@article{sobhana2010conditional,
  title={Conditional random field based named entity recognition in geological text},
  author={Sobhana, N and Mitra, Pabitra and Ghosh, SK},
  journal={International Journal of Computer Applications},
  volume={1},
  number={3},
  pages={143--147},
  year={2010},
  publisher={Citeseer}
}


@incollection{campos2012biomedical,
  title={Biomedical named entity recognition: a survey of machine-learning tools},
  author={Campos, David and Matos, S{\'e}rgio and Oliveira, Jos{\'e} Lu{\'\i}s},
  booktitle={Theory and Applications for Advanced Text Mining},
  year={2012},
  publisher={InTech}
}



@inproceedings{grishman1996message,
  title={Message understanding conference-6: A brief history},
  author={Grishman, Ralph and Sundheim, Beth},
  booktitle={COLING 1996 Volume 1: The 16th International Conference on Computational Linguistics},
  volume={1},
  year={1996}
}


@article{vrandevcic2014wikidata,
  title={Wikidata: a free collaborative knowledgebase},
  author={Vrande{\v{c}}i{\'c}, Denny and Kr{\"o}tzsch, Markus},
  journal={Communications of the ACM},
  volume={57},
  number={10},
  pages={78--85},
  year={2014},
  publisher={ACM}
}


@InCollection{smith:99,
  author = 	 {A. Smith and B. Jones},
  title = 	 {On the Complexity of Computing},
  booktitle = 	 {Advances in Computer Science},
  pages = 	 {555--566},
  publisher =    {Publishing Press},
  year = 	 {1999},
  editor = 	 {A. B. Smith-Jones}
}
@article{voss2006collaborative,
  title={Collaborative thesaurus tagging the Wikipedia way},
  author={Voss, Jakob},
  journal={arXiv preprint cs/0604036},
  year={2006}
}

@article{halavais2008analysis,
  title={An analysis of topical coverage of Wikipedia},
  author={Halavais, Alexander and Lackaff, Derek},
  journal={Journal of Computer-Mediated Communication},
  volume={13},
  number={2},
  pages={429--440},
  year={2008},
  publisher={Wiley Online Library}
}



@inproceedings{Mendes:2011,
 author = {Mendes, Pablo N. and Jakob, Max and Garc\'{\i}a-Silva, Andr{\'e}s and Bizer, Christian},
 title = {DBpedia Spotlight: Shedding Light on the Web of Documents},
 booktitle = {Proceedings of the 7th International Conference on Semantic Systems},
 series = {I-Semantics '11},
 year = {2011},
 isbn = {978-1-4503-0621-8},
 location = {Graz, Austria},
 pages = {1--8},
 numpages = {8},
 url = {http://doi.acm.org/10.1145/2063518.2063519},
 doi = {10.1145/2063518.2063519},
 acmid = {2063519},
 publisher = {ACM},
 address = {New York, NY, USA},
 keywords = {DBpedia, linked data, named entity disambiguation, text annotation},
}

@inproceedings{gangemi2013comparison,
  title={A comparison of knowledge extraction tools for the semantic web},
  author={Gangemi, Aldo},
  booktitle={Extended Semantic Web Conference},
  pages={351--366},
  year={2013},
  organization={Springer}
}


@inproceedings{makhoul1999performance,
  title={Performance measures for information extraction},
  author={Makhoul, John and Kubala, Francis and Schwartz, Richard and Weischedel, Ralph and others},
  booktitle={Proceedings of DARPA broadcast news workshop},
  pages={249--252},
  year={1999},
  organization={Herndon, VA}
}

@book{levy2001cyberculture,
  title={Cyberculture},
  author={L{\'e}vy, Pierre},
  volume={4},
  year={2001},
  publisher={U of Minnesota Press}
}


@inproceedings{kittur2009s,
  title={What's in Wikipedia?: mapping topics and conflict using socially annotated category structure},
  author={Kittur, Aniket and Chi, Ed H and Suh, Bongwon},
  booktitle={Proceedings of the SIGCHI conference on human factors in computing systems},
  pages={1509--1512},
  year={2009},
  organization={ACM}
}

@article{rada1989development,
  title={Development and application of a metric on semantic nets},
  author={Rada, Roy and Mili, Hafedh and Bicknell, Ellen and Blettner, Maria},
  journal={IEEE transactions on systems, man, and cybernetics},
  volume={19},
  number={1},
  pages={17--30},
  year={1989},
  publisher={IEEE}
}

@inproceedings{zesch2007analysis,
  title={Analysis of the Wikipedia category graph for NLP applications},
  author={Zesch, Torsten and Gurevych, Iryna},
  booktitle={Proceedings of the Second Workshop on TextGraphs: Graph-Based Algorithms for Natural Language Processing},
  pages={1--8},
  year={2007}
}



@inproceedings{strube2006wikirelate,
  title={WikiRelate! Computing semantic relatedness using Wikipedia},
  author={Strube, Michael and Ponzetto, Simone Paolo},
  booktitle={AAAI},
  volume={6},
  pages={1419--1424},
  year={2006}
}

@article{krizhanovsky2006synonym,
  title={Synonym search in wikipedia: Synarcher},
  author={Krizhanovsky, Andrew},
  journal={arXiv preprint cs/0606097},
  year={2006}
}

@inproceedings{ponzetto2006exploiting,
  title={Exploiting semantic role labeling, WordNet and Wikipedia for coreference resolution},
  author={Ponzetto, Simone Paolo and Strube, Michael},
  booktitle={Proceedings of the main conference on Human Language Technology Conference of the North American Chapter of the Association of Computational Linguistics},
  pages={192--199},
  year={2006},
  organization={Association for Computational Linguistics}
 }
  
  
@inproceedings{kittur2008crowdsourcing,
  title={Crowdsourcing user studies with Mechanical Turk},
  author={Kittur, Aniket and Chi, Ed H and Suh, Bongwon},
  booktitle={Proceedings of the SIGCHI conference on human factors in computing systems},
  pages={453--456},
  year={2008},
  organization={ACM}
}

@inproceedings{milne2007computing,
  title={Computing semantic relatedness using wikipedia link structure},
  author={Milne, David},
  booktitle={Proceedings of the new zealand computer science research student conference},
  year={2007},
  organization={Citeseer}
}

@book{cohen2013applied,
  title={Applied multiple regression/correlation analysis for the behavioral sciences},
  author={Cohen, Jacob and Cohen, Patricia and West, Stephen G and Aiken, Leona S},
  year={2013},
  publisher={Routledge}
}

@inproceedings{farina2011automatically,
  title={Automatically assigning Wikipedia articles to macrocategories},
  author={Farina, Jacopo and Tasso, Riccardo and Laniado, David},
  year={2011}
}

@inproceedings{gabrilovich2007computing,
  title={Computing semantic relatedness using wikipedia-based explicit semantic analysis.},
  author={Gabrilovich, Evgeniy and Markovitch, Shaul},
  booktitle={IJcAI},
  volume={7},
  pages={1606--1611},
  year={2007}
}

@inproceedings{mihalcea2007using,
  title={Using Wikipedia for Automatic Word Sense Disambiguation.},
  author={Mihalcea, Rada},
  booktitle={HLT-NAACL},
  pages={196--203},
  year={2007}
}

@article{schonhofen2009identifying,
  title={Identifying document topics using the Wikipedia category network},
  author={Sch{\"o}nhofen, Peter},
  journal={Web Intelligence and Agent Systems: An International Journal},
  volume={7},
  number={2},
  pages={195--207},
  year={2009},
  publisher={IOS Press}
}

@article{newman2003mixing,
  title={Mixing patterns in networks},
  author={Newman, Mark EJ},
  journal={Physical Review E},
  volume={67},
  number={2},
  pages={026126},
  year={2003},
  publisher={APS}
}

@article{watts1998collective,
  title={Collective dynamics of'small-world'networks},
  author={Watts, Duncan J and Strogatz, Steven H},
  journal={nature},
  volume={393},
  number={6684},
  pages={440},
  year={1998},
  publisher={Nature Publishing Group}
}

@article{destefano2007cognitive,
  title={Cognitive load in hypertext reading: A review},
  author={DeStefano, Diana and LeFevre, Jo-Anne},
  journal={Computers in human behavior},
  volume={23},
  number={3},
  pages={1616--1641},
  year={2007},
  publisher={Elsevier}
}

@article{giles2005internet,
  title={Internet encyclopaedias go head to head},
  author={Giles, Jim},
  journal={Nature},
  volume={438},
  number={7070},
  pages={900--901},
  year={2005},
  publisher={Nature Publishing Group}
}


@inproceedings{guizzardi2008groundin,
  title={Grounding Software Domain Ontologies in the Unified Foundational Ontology (UFO): The case of the ODE Software Process Ontology.},
  author={Guizzardi, Giancarlo and de Almeida Falbo, Ricardo and Guizzardi, Renata SS},
  booktitle={CIbSE},
  pages={127--140},
  year={2008}
}

@inproceedings{syed2008wikipedia,
  title={Wikipedia as an ontology for describing documents},
  author={Syed, Zareen and Finin, Tim and Joshi, Anupam and others},
  booktitle={Proceedings of the Second International Conference on Weblogs and Social Media},
  year={2008}
}


@inproceedings{jatowt2012wikipedia,
  title={Is Wikipedia too difficult?: comparative analysis of readability of Wikipedia, Simple Wikipedia and Britannica},
  author={Jatowt, Adam and Tanaka, Katsumi},
  booktitle={Proceedings of the 21st ACM international conference on Information and knowledge management},
  pages={2607--2610},
  year={2012},
  organization={ACM}
}

@article{lucassen2012readability,
  title={Readability of Wikipedia},
  author={Lucassen, Teun and Dijkstra, Roald and Schraagen, Jan Maarten},
  journal={First Monday},
  year={2012}
}



@book{newman2010networks,
  title={Networks: an introduction},
  author={Newman, Mark},
  year={2010},
  publisher={Oxford university press}
}


@article{newman2001random,
  title={Random graphs with arbitrary degree distributions and their applications},
  author={Newman, Mark EJ and Strogatz, Steven H and Watts, Duncan J},
  journal={Physical review E},
  volume={64},
  number={2},
  pages={026118},
  year={2001},
  publisher={APS}
}


@inproceedings{rajagopalan2010accuracy,
  title={Accuracy of cancer information on the Internet: A comparison of a Wiki with a professionally maintained database.},
  author={Rajagopalan, Malolan S and Khanna, V and Stott, M and Leiter, Y and Showalter, TN and Dicker, A and Lawrence, YR},
  booktitle={ASCO Annual Meeting Proceedings},
  volume={28},
  number={15\_suppl},
  pages={6058},
  year={2010}
}



@inproceedings{kittur2007he,
  title={He says, she says: conflict and coordination in Wikipedia},
  author={Kittur, Aniket and Suh, Bongwon and Pendleton, Bryan A and Chi, Ed H},
  booktitle={Proceedings of the SIGCHI conference on Human factors in computing systems},
  pages={453--462},
  year={2007},
  organization={ACM}
}



@article{reavley2012quality,
  title={Quality of information sources about mental disorders: a comparison of Wikipedia with centrally controlled web and printed sources},
  author={Reavley, Nicola J and Mackinnon, Andrew J and Morgan, Amy J and Alvarez-Jimenez, Mario and Hetrick, Sarah E and Killackey, Eoin and Nelson, Barnaby and Purcell, Rosemary and Yap, Marie BH and Jorm, Anthony F},
  journal={Psychological medicine},
  volume={42},
  number={08},
  pages={1753--1762},
  year={2012},
  publisher={Cambridge Univ Press}
}

@article{clauset2009power,
  title={Power-law distributions in empirical data},
  author={Clauset, Aaron and Shalizi, Cosma Rohilla and Newman, Mark EJ},
  journal={SIAM review},
  volume={51},
  number={4},
  pages={661--703},
  year={2009},
  publisher={SIAM}
}


@inproceedings{paranjape2016improving,
  title={Improving website hyperlink structure using server logs},
  author={Paranjape, Ashwin and West, Robert and Zia, Leila and Leskovec, Jure},
  booktitle={Proceedings of the Ninth ACM International Conference on Web Search and Data Mining},
  pages={615--624},
  year={2016},
  organization={ACM}
}

@inproceedings{viegas2004studying,
  title={Studying cooperation and conflict between authors with history flow visualizations},
  author={Vi{\'e}gas, Fernanda B and Wattenberg, Martin and Dave, Kushal},
  booktitle={Proceedings of the SIGCHI conference on Human factors in computing systems},
  pages={575--582},
  year={2004},
  organization={ACM}
}


@misc{o2007web,
  title={What is web 2.0: Design patterns and business models for the next generations software, September 2005},
  author={O’Reilly, Tim},
  year={2007}
}


@article{wilkinson2007assessing,
  title={Assessing the value of coooperation in wikipedia},
  author={Wilkinson, Dennis M and Huberman, Bernardo A},
  journal={arXiv preprint cs/0702140},
  year={2007}
}
@inproceedings{ponzetto2009large,
  title={Large-Scale Taxonomy Mapping for Restructuring and Integrating Wikipedia.},
  author={Ponzetto, Simone Paolo and Navigli, Roberto},
  booktitle={IJCAI},
  volume={9},
  pages={2083--2088},
  year={2009}
}

@book{baeza1999modern,
  title={Modern information retrieval},
  author={Baeza-Yates, Ricardo and Ribeiro-Neto, Berthier and others},
  volume={463},
  year={1999},
  publisher={ACM press New York}
}

@article{frakes1992information,
  title={Information retrieval: data structures and algorithms},
  author={Frakes, William B and Baeza-Yates, Ricardo},
  year={1992},
  publisher={Prentice Hall PTR}
}


@article{chernov2006extracting,
  title={Extracting Semantics Relationships between Wikipedia Categories.},
  author={Chernov, Sergey and Iofciu, Tereza and Nejdl, Wolfgang and Zhou, Xuan},
  journal={SemWiki},
  volume={206},
  year={2006}
}

@article{turner2014digital,
  title={The digital universe of opportunities: Rich data and the increasing value of the internet of things},
  author={Turner, Vernon and Gantz, John F and Reinsel, David and Minton, Stephen},
  journal={IDC Analyze the Future},
  year={2014}
}

@book{fuchs2013internet,
  title={Internet and surveillance: The challenges of Web 2.0 and social media},
  author={Fuchs, Christian and Boersma, Kees and Albrechtslund, Anders and Sandoval, Marisol},
  volume={16},
  year={2013},
  publisher={Routledge}
}

@inproceedings{nastase2008decoding,
  title={Decoding Wikipedia Categories for Knowledge Acquisition.},
  author={Nastase, Vivi and Strube, Michael},
  booktitle={AAAI},
  volume={8},
  pages={1219--1224},
  year={2008}
}

@article{medelyan2009mining,
  title={Mining meaning from Wikipedia},
  author={Medelyan, Olena and Milne, David and Legg, Catherine and Witten, Ian H},
  journal={International Journal of Human-Computer Studies},
  volume={67},
  number={9},
  pages={716--754},
  year={2009},
  publisher={Elsevier}
}
@book{o2009web,
  title={What is web 2.0},
  author={o'Reilly, Tim},
  year={2009},
  publisher={" O'Reilly Media, Inc."}
}

@book{feldman2007text,
  title={The text mining handbook: advanced approaches in analyzing unstructured data},
  author={Feldman, Ronen and Sanger, James},
  year={2007},
  publisher={Cambridge university press}
}

@book{aggarwal2012mining,
  title={Mining text data},
  author={Aggarwal, Charu C and Zhai, ChengXiang},
  year={2012},
  publisher={Springer Science \& Business Media}
}

@article{salton1988term,
  title={Term-weighting approaches in automatic text retrieval},
  author={Salton, Gerard and Buckley, Christopher},
  journal={Information processing \& management},
  volume={24},
  number={5},
  pages={513--523},
  year={1988},
  publisher={Elsevier}
}

@book{berry2010text,
  title={Text mining: applications and theory},
  author={Berry, Michael W and Kogan, Jacob},
  year={2010},
  publisher={John Wiley \& Sons}
}
@article{kozlova2005automatic,
  title={Automatic ontology extraction for document classification},
  author={Kozlova, Natalia},
  journal={Saarland University},
  year={2005}
}
@book{levy1997collective,
  title={Collective intelligence},
  author={L{\'e}vy, Pierre},
  year={1997},
  publisher={Plenum/Harper Collins New York}
}

@book{surowiecki2005wisdom,
  title={The wisdom of crowds},
  author={Surowiecki, James},
  year={2005},
  publisher={Anchor}
}



@article{rafi2012content,
  title={Content-based text categorization using wikitology},
  author={Rafi, Muhammad and Hassan, Sundus and Shaikh, Mohammad Shahid},
  journal={arXiv preprint arXiv:1208.3623},
  year={2012}
}

@inproceedings{gantner2009automatic,
  title={Automatic content-based categorization of Wikipedia articles},
  author={Gantner, Zeno and Schmidt-Thieme, Lars},
  booktitle={Proceedings of the 2009 Workshop on The People's Web Meets NLP: Collaboratively Constructed Semantic Resources},
  pages={32--37},
  year={2009},
  organization={Association for Computational Linguistics}
}



@book{tapscott2008wikinomics,
  title={Wikinomics: How mass collaboration changes everything},
  author={Tapscott, Don and Williams, Anthony D},
  year={2008},
  publisher={Penguin}
}

@article{Lan:2009,
 author = {Lan, Man and Tan, Chew Lim and Su, Jian and Lu, Yue},
 title = {Supervised and Traditional Term Weighting Methods for Automatic Text Categorization},
 journal = {IEEE Trans. Pattern Anal. Mach. Intell.},
 issue_date = {April 2009},
 volume = {31},
 number = {4},
 month = apr,
 year = {2009},
 issn = {0162-8828},
 pages = {721--735},
 numpages = {15},
 url = {https://doi.org/10.1109/TPAMI.2008.110},
 doi = {10.1109/TPAMI.2008.110},
 acmid = {1512361},
 publisher = {IEEE Computer Society},
 address = {Washington, DC, USA}
} 

@book{Manning:2008,
 author = {Manning, Christopher D. and Raghavan, Prabhakar and Sch\"{u}tze, Hinrich},
 title = {Introduction to Information Retrieval},
 year = {2008},
 isbn = {0521865719, 9780521865715},
 publisher = {Cambridge University Press},
 address = {New York, NY, USA},
} 
@article{gattani2013entity,
  title={Entity extraction, linking, classification, and tagging for social media: a wikipedia-based approach},
  author={Gattani, Abhishek and Lamba, Digvijay S and Garera, Nikesh and Tiwari, Mitul and Chai, Xiaoyong and Das, Sanjib and Subramaniam, Sri and Rajaraman, Anand and Harinarayan, Venky and Doan, AnHai},
  journal={Proceedings of the VLDB Endowment},
  volume={6},
  number={11},
  pages={1126--1137},
  year={2013},
  publisher={VLDB Endowment}
}

@article{Sebastiani:2002,
 author = {Sebastiani, Fabrizio},
 title = {Machine Learning in Automated Text Categorization},
 journal = {ACM Comput. Surv.},
 issue_date = {March 2002},
 volume = {34},
 number = {1},
 month = mar,
 year = {2002},
 issn = {0360-0300},
 pages = {1--47},
 numpages = {47},
 url = {http://doi.acm.org/10.1145/505282.505283},
 doi = {10.1145/505282.505283},
 acmid = {505283},
 publisher = {ACM},
 address = {New York, NY, USA},
 keywords = {Machine learning, text categorization, text classification},
} 

@inproceedings{Gabrilovich:2006,
 author = {Gabrilovich, Evgeniy and Markovitch, Shaul},
 title = {Overcoming the Brittleness Bottleneck Using Wikipedia: Enhancing Text Categorization with Encyclopedic Knowledge},
 booktitle = {Proceedings of the 21st National Conference on Artificial Intelligence - Volume 2},
 series = {AAAI'06},
 year = {2006},
 isbn = {978-1-57735-281-5},
 location = {Boston, Massachusetts},
 pages = {1301--1306},
 numpages = {6},
 url = {http://dl.acm.org/citation.cfm?id=1597348.1597395},
 acmid = {1597395},
 publisher = {AAAI Press},
} 

@inproceedings{Gabrilovich:2005,
 author = {Gabrilovich, Evgeniy and Markovitch, Shaul},
 title = {Feature Generation for Text Categorization Using World Knowledge},
 booktitle = {Proceedings of the 19th International Joint Conference on Artificial Intelligence},
 series = {IJCAI'05},
 year = {2005},
 location = {Edinburgh, Scotland},
 pages = {1048--1053},
 numpages = {6},
 url = {http://dl.acm.org/citation.cfm?id=1642293.1642461},
 acmid = {1642461},
 publisher = {Morgan Kaufmann Publishers Inc.},
 address = {San Francisco, CA, USA},
} 

@inproceedings{Hu:2009,
 author = {Hu, Xiaohua and Zhang, Xiaodan and Lu, Caimei and Park, E. K. and Zhou, Xiaohua},
 title = {Exploiting Wikipedia As External Knowledge for Document Clustering},
 booktitle = {Proceedings of the 15th ACM SIGKDD International Conference on Knowledge Discovery and Data Mining},
 series = {KDD '09},
 year = {2009},
 isbn = {978-1-60558-495-9},
 location = {Paris, France},
 pages = {389--396},
 numpages = {8},
 url = {http://doi.acm.org/10.1145/1557019.1557066},
 doi = {10.1145/1557019.1557066},
 acmid = {1557066},
 publisher = {ACM},
 address = {New York, NY, USA},
 keywords = {Wikipedia, document representation, text clustering},
} 

@inproceedings{Hu:2008,
 author = {Hu, Jian and Fang, Lujun and Cao, Yang and Zeng, Hua-Jun and Li, Hua and Yang, Qiang and Chen, Zheng},
 title = {Enhancing Text Clustering by Leveraging Wikipedia Semantics},
 booktitle = {Proceedings of the 31st Annual International ACM SIGIR Conference on Research and Development in Information Retrieval},
 series = {SIGIR '08},
 year = {2008},
 isbn = {978-1-60558-164-4},
 location = {Singapore, Singapore},
 pages = {179--186},
 numpages = {8},
 url = {http://doi.acm.org/10.1145/1390334.1390367},
 doi = {10.1145/1390334.1390367},
 acmid = {1390367},
 publisher = {ACM},
 address = {New York, NY, USA},
 keywords = {Wikipedia, similarity measure, text clustering, thesaurus},
} 


@inproceedings{Wang:2008,
 author = {Wang, Pu and Domeniconi, Carlotta},
 title = {Building Semantic Kernels for Text Classification Using Wikipedia},
 booktitle = {Proceedings of the 14th ACM SIGKDD International Conference on Knowledge Discovery and Data Mining},
 series = {KDD '08},
 year = {2008},
 isbn = {978-1-60558-193-4},
 location = {Las Vegas, Nevada, USA},
 pages = {713--721},
 numpages = {9},
 url = {http://doi.acm.org/10.1145/1401890.1401976},
 doi = {10.1145/1401890.1401976},
 acmid = {1401976},
 publisher = {ACM},
 address = {New York, NY, USA},
 keywords = {kernel methods, semantic kernels, text classification, wikipedia},
} 

@article{Wang:2009,
 author = {Wang, Pu and Hu, Jian and Zeng, Hua-Jun and Chen, Zheng},
 title = {Using Wikipedia Knowledge to Improve Text Classification},
 journal = {Knowl. Inf. Syst.},
 issue_date = {May 2009},
 volume = {19},
 number = {3},
 month = may,
 year = {2009},
 issn = {0219-1377},
 pages = {265--281},
 numpages = {17},
 url = {http://dx.doi.org/10.1007/s10115-008-0152-4},
 doi = {10.1007/s10115-008-0152-4},
 acmid = {1554492},
 publisher = {Springer-Verlag New York, Inc.},
 address = {New York, NY, USA},
 keywords = {Text classification, Thesaurus, Wikipedia},
} 


@article{Salton:1988,
 author = {Salton, Gerard and Buckley, Christopher},
 title = {Term-weighting Approaches in Automatic Text Retrieval},
 journal = {Inf. Process. Manage.},
 issue_date = {1988},
 volume = {24},
 number = {5},
 month = aug,
 year = {1988},
 issn = {0306-4573},
 pages = {513--523},
 numpages = {11},
 url = {http://dx.doi.org/10.1016/0306-4573(88)90021-0},
 doi = {10.1016/0306-4573(88)90021-0},
 acmid = {54260},
 publisher = {Pergamon Press, Inc.},
 address = {Tarrytown, NY, USA},
} 

@article{Salton:1975,
 author = {Salton, G. and Wong, A. and Yang, C. S.},
 title = {A Vector Space Model for Automatic Indexing},
 journal = {Commun. ACM},
 issue_date = {Nov. 1975},
 volume = {18},
 number = {11},
 month = nov,
 year = {1975},
 issn = {0001-0782},
 pages = {613--620},
 numpages = {8},
 url = {http://doi.acm.org/10.1145/361219.361220},
 doi = {10.1145/361219.361220},
 acmid = {361220},
 publisher = {ACM},
 address = {New York, NY, USA},
 keywords = {automatic indexing, automatic information retrieval, content analysis, document space},
} 


@book{liu2011learning,
  title={Learning to rank for information retrieval},
  author={Liu, Tie-Yan},
  year={2011},
  publisher={Springer Science \& Business Media}
}

@book{mihalcea2011graph,
  title={Graph-based natural language processing and information retrieval},
  author={Mihalcea, Rada and Radev, Dragomir},
  year={2011},
  publisher={Cambridge university press}
}


@inproceedings{couto2006comparative,
  title={A comparative study of citations and links in document classification},
  author={Couto, Thierson and Cristo, Marco and Gon{\c{c}}alves, Marcos Andr{\'e} and Calado, P{\'a}vel and Ziviani, Nivio and Moura, Edleno and Ribeiro-Neto, Berthier},
  booktitle={Proceedings of the 6th ACM/IEEE-CS joint conference on Digital libraries},
  pages={75--84},
  year={2006},
  organization={ACM}
}


@inproceedings{izzah2018classification,
  title={Classification of pornographic content on Twitter using support vector machine and Naive Bayes},
  author={Izzah, Nur and Budi, Indra and Louvan, Samuel},
  booktitle={2018 4th International Conference on Computer and Technology Applications (ICCTA)},
  year={2018},
  organization={IEEE}
}


@inproceedings{medeiros2018tagtheweb,
  title={TagTheWeb: Using Wikipedia Categories to Automatically Categorize Resources on the Web},
  author={Medeiros, Jerry Fernandes and Nunes, Bernardo Pereira and Siqueira, Sean Wolfgand Matsui and Leme, Luiz Andr{\'e} Portes Paes},
  booktitle={European Semantic Web Conference},
  pages={153--157},
  year={2018},
  organization={Springer}
}


@book{chomsky1975logical,
author = {N. Chomsky},
title = {The logical structure of
linguistic theory},
publisher = {Plenum},
address = {New York}, 
year = {1955},
note = {Published in 1975}
}


@article{carroll2004resource,
  title={Resource Description Framework ($\{$RDF$\}$): Concepts and Abstract Syntax},
  author={Carroll, Jeremy J and Klyne, Graham},
  year={2004}
}

@inproceedings{Yang:1997,
 author = {Yang, Yiming and Pedersen, Jan O.},
 title = {A Comparative Study on Feature Selection in Text Categorization},
 booktitle = {Proceedings of the Fourteenth International Conference on Machine Learning},
 series = {ICML '97},
 year = {1997},
 isbn = {1-55860-486-3},
 pages = {412--420},
 numpages = {9},
 url = {http://dl.acm.org/citation.cfm?id=645526.657137},
 acmid = {657137},
 publisher = {Morgan Kaufmann Publishers Inc.},
 address = {San Francisco, CA, USA},
} 

@article{beckett1sparql,
  title={SPARQL RDF Query Language Reference v1. 8 (2006) http://www. dajobe. org/2005/04-sparql},
  author={Beckett, Dave},
  journal={SPARQLreference-1.8. pdf (accessed January 10, 2009)}
}


@inproceedings{arenas2011querying,
  title={Querying semantic web data with SPARQL},
  author={Arenas, Marcelo and P{\'e}rez, Jorge},
  booktitle={Proceedings of the thirtieth ACM SIGMOD-SIGACT-SIGART symposium on Principles of database systems},
  pages={305--316},
  year={2011},
  organization={ACM}
}

@misc{prud2008sparql,
  title={SPARQL Query Language for RDF. W3C Recommendation, January 2008},
  author={Prud’hommeaux, Eric and Seaborne, Andy},
  year={2008}
}


@article{joshi1991natural,
  title={Natural language processing},
  author={Joshi, Aravind K},
  journal={Science},
  volume={253},
  number={5025},
  pages={1242--1249},
  year={1991},
  publisher={American Association for the Advancement of Science}
}



@article{sarawagi2008information,
  title={Information extraction},
  author={Sarawagi, Sunita and others},
  journal={Foundations and Trends{\textregistered} in Databases},
  volume={1},
  number={3},
  pages={261--377},
  year={2008},
  publisher={Now Publishers, Inc.}
}


@article{supreethi2010novel,
  title={A novel document representation model for clustering},
  author={Supreethi, KP and Prasad, EV},
  journal={International Journal of Computer Science Communication},
  volume={1},
  number={2},
  pages={243--245},
  year={2010}
}


@techreport{bekkerman2004using,
  title={Using bigrams in text categorization},
  author={Bekkerman, Ron and Allan, James},
  year={2004},
  institution={Technical Report IR-408, Center of Intelligent Information Retrieval, UMass Amherst}
}

@inproceedings{deselaers2008bag,
  title={Bag-of-visual-words models for adult image classification and filtering},
  author={Deselaers, Thomas and Pimenidis, Lexi and Ney, Hermann},
  booktitle={Pattern Recognition, 2008. ICPR 2008. 19th International Conference on},
  pages={1--4},
  year={2008},
  organization={IEEE}
}


@article{fattah2017novel,
  title={A Novel Statistical Feature Selection Approach for Text Categorization.},
  author={Fattah, Mohamed Abdel},
  journal={Journal of Information Processing Systems},
  volume={13},
  number={5},
  year={2017}
}


@article{nagwani2017sms,
  title={SMS spam filtering and thread identification using bi-level text classification and clustering techniques},
  author={Nagwani, Naresh Kumar and Sharaff, Aakanksha},
  journal={Journal of Information Science},
  volume={43},
  number={1},
  pages={75--87},
  year={2017},
  publisher={SAGE Publications Sage UK: London, England}
}

